@Book{herzog2011,
 author = {Herzog, Philipp},
 title = {Open and closed innovation : different cultures for different strategies},
 publisher = {Gabler},
 year = {2011},
 address = {Wiesbaden},
 isbn = {978-3-834-96165-5}
 }
@Book{chesbrough2003,
 author = {Chesbrough, Henry},
 title = {Open innovation : the new imperative for creating and profiting from technology},
 publisher = {Harvard Business School Press},
 year = {2003},
 address = {Boston, Mass},
 isbn = {1-57851-837-7}
 }

 @online{OpenInno32:online,
author = {Daniel Zapfl},
title = {Open Innovation vs. Closed Innovation},
url = {http://www.lead-innovation.com/blog/open-innovation-vs-closed-innovation},
year = {2016},
month = {09},
day = {27},
urldate = {2018-07-16}
}

@book{hauschildt2016innovationsmanagement,
  title={Innovationsmanagement},
  author={Hauschildt, J. and Salomo, S. and Schultz, C. and Kock, A.},
  isbn={9783800647293},
  series={Vahlens Handb{\"u}cher der Wirtschafts- und Sozialwissenschaften},
  url={https://books.google.de/books?id=pdv3DAAAQBAJ},
  year={2016},
  publisher={Vahlen}
}

@online{SAPCompa72:online,
    author = {SAP~SE},
    title = {SAP Company History},
    url = {https://www.sap.com/corporate/en/company/history.html?source=social-atw-mailto&sharedId=da5b98da-5c7c-0010-82c7-eda71af511fa},
	year = {o.D.},
    urldate = {2018-07-21}
}

@article{stevens19973,
  title={3,000 raw ideas= 1 commercial success!},
  author={Stevens, Greg A and Burley, James},
  journal={Research-Technology Management},
  volume={40},
  number={3},
  pages={16--27},
  year={1997},
  publisher={Taylor \& Francis}
}

@online{SAPDesig64:online,
    author = {SAP~SE},
    title = {SAP Design - Design Thinking},
    url = {http://design.sap.com/designthinking.html},
	year = {o.D.},
    urldate = {2018-07-22}
}

@online{Appleund81:online,
author = {Apple~Inc.},
title = {Apple und SAP gehen Partnerschaft ein, um das Arbeiten mit iPhone \& iPad zu revolutionieren - Apple (DE)},
url = {https://www.apple.com/de/newsroom/2016/05/05Apple-and-SAP-Partner-to-Revolutionize-Work-on-iPhone-and-iPad/},
year = {2016},
month = {05},
day = {05},
urldate = {2018-07-22}
}

@online{Microsof58:online,
author = {Anika Klauß},
title = {Microsoft und SAP unterstützen Kunden bei der digitalen Transformation in der Cloud – Newsroom Microsoft Deutschland},
url = {https://news.microsoft.com/de-de/microsoft-und-sap-cloud-partnerschaft/},
year = {2017},
month = {11},
day = {28},
urldate = {2018-07-22}
}